% "Macro" strings.
@string{IETF = "Internet Engineering Task Force"}
@string{RFC = "Request for Comments"}
@string{IEN = "Internet Engineering Note"}
@string{ieeeit = "IEEE Transactions on Information Theory"}



@misc{IEN137,
  author        = {Cohen, Danny},
  title         = {{On Holy Wars and a Plea for Peace}},
  series        = IEN,
  number        = 137,
  howpublished  = {IEN 137},
  publisher     = {IETF},
  organisation  = IETF,
  year          = 1980,
  month         = apr,
  URL           = {http://www.ietf.org/rfc/ien/ien137.txt},
}

@article{Colbourn04,
  author        = {Colbourn, C.J. and Klove, T. and Ling, A.C.H.},
  title         = {{ Permutation arrays for powerline communication and mutually orthogonal latin squares}},
  series        = IEN,
  year          = 2004,
  month         = jun,
  journal       = ieeeit,
  issn          = {0018-9448},
  volume        = 50,
  number        = 6,
  pages         = {1289-1291},
}

